@inproceedings{baelde2011liquidsoap,
  title={Liquidsoap: a high-level programming language for multimedia streaming},
  author={Baelde, David and Beauxis, Romain and Mimram, Samuel},
  booktitle={International Conference on Current Trends in Theory and Practice of Computer Science},
  pages={99--110},
  year={2011},
  organization={Springer},
  url={https://arxiv.org/abs/1104.2681}
}

@inproceedings{baelde2008webradio,
  hal_id = {inria-00202813},
  url = {http://hal.inria.fr/inria-00202813},
  title = {{De la webradio lambda à la $\lambda$-webradio}},
  author = {David Baelde and Samuel Mimram},
  language = {Français},
  affiliation = {Laboratoire d'informatique de l'école polytechnique - LIX , Preuves, Programmes et Systèmes - PPS},
  booktitle = {{JFLA (Journées Francophones des Langages Applicatifs)}},
  pages = {47–62},
  address = {Étretat, France},
  audience = {nationale},
  year = {2008},
}
